<?xml version="1.0" encoding="utf-8"?>
<record xmlns="http://www.loc.gov/MARC21/slim" xmlns:xsi="http://www.w3.org/2001/XMLSchema-instance" xsi:schemaLocation="http://www.loc.gov/MARC21/slim http://www.loc.gov/standards/marcxml/schema/MARC21slim.xsd">
	<leader>
		01589nam a2200373   4500
	</leader>
	<controlfield tag="001">
		001467783
	</controlfield>
	<controlfield tag="003">
		NNU
	</controlfield>
	<controlfield tag="006">
		m        d        
	</controlfield>
	<controlfield tag="007">
		cr cn |||m|||a
	</controlfield>
	<controlfield tag="008">
		160105s1954    ua ac   o     000 0 arar 
	</controlfield>
	<datafield ind1=" " ind2=" " tag="040">
		<subfield code="a">
			NNU
		</subfield>
		<subfield code="b">
			eng
		</subfield>
		<subfield code="c">
			NNU
		</subfield>
	</datafield>
	<datafield ind1=" " ind2=" " tag="043">
		<subfield code="a">
			ma-----
		</subfield>
	</datafield>
	<datafield ind1="0" ind2=" " tag="050">
		<subfield code="a">
			Z843
		</subfield>
		<subfield code="b">
			.K3
		</subfield>
	</datafield>
	<datafield ind1=" " ind2=" " tag="066">
		<subfield code="c">
			(3
		</subfield>
	</datafield>
	<datafield ind1=" " ind2=" " tag="090">
		<subfield code="a">
			Z843
		</subfield>
		<subfield code="b">
			.K3
		</subfield>
	</datafield>
	<datafield ind1="1" ind2=" " tag="100">
		<subfield code="6">
			880-01
		</subfield>
		<subfield code="a">
			Kāẓim, Midḥat ʻĀdil.
		</subfield>
	</datafield>
	<datafield ind1="1" ind2="0" tag="245">
		<subfield code="6">
			880-02
		</subfield>
		<subfield code="a">
			Dalīl al-maktabāt
		</subfield>
		<subfield code="h">
			[electronic resource] /
		</subfield>
		<subfield code="c">
			waḍʻ Midḥat Kāẓim.
		</subfield>
	</datafield>
	<datafield ind1="1" ind2=" " tag="246">
		<subfield code="i">
			Title on p. [4]of cover:
		</subfield>
		<subfield code="a">
			Library directory with special reference to the Middle East
		</subfield>
	</datafield>
	<datafield ind1=" " ind2=" " tag="250">
		<subfield code="6">
			880-03
		</subfield>
		<subfield code="a">
			al-Ṭabʻah 1.
		</subfield>
	</datafield>
	<datafield ind1=" " ind2=" " tag="260">
		<subfield code="6">
			880-04
		</subfield>
		<subfield code="a">
			[Cairo] :
		</subfield>
		<subfield code="b">
			Maktabat al-Ṣabāḥ al-Jadīdah,
		</subfield>
		<subfield code="c">
			1954.
		</subfield>
	</datafield>
	<datafield ind1=" " ind2=" " tag="300">
		<subfield code="a">
			online resource (187 p.) :
		</subfield>
		<subfield code="b">
			ill., ports.
		</subfield>
	</datafield>
	<datafield ind1=" " ind2=" " tag="500">
		<subfield code="a">
			Part of the Arabic Collections Online (ACO) project, contributed by New York Univeristy Libraries.
		</subfield>
	</datafield>
	<datafield ind1=" " ind2=" " tag="533">
		<subfield code="a">
			Electronic reproduction.
		</subfield>
		<subfield code="b">
			New York, N.Y. :
		</subfield>
		<subfield code="c">
			New York University,
		</subfield>
		<subfield code="d">
			2016.
		</subfield>
		<subfield code="5">
			NNU
		</subfield>
	</datafield>
	<datafield ind1=" " ind2="0" tag="650">
		<subfield code="a">
			Libraries
		</subfield>
		<subfield code="z">
			Middle East.
		</subfield>
	</datafield>
	<datafield ind1="2" ind2=" " tag="710">
		<subfield code="a">
			New York University.
		</subfield>
		<subfield code="b">
			Libraries.
		</subfield>
	</datafield>
	<datafield ind1="0" ind2=" " tag="730">
		<subfield code="a">
			Arabic Collections Online.
		</subfield>
	</datafield>
	<datafield ind1="0" ind2="8" tag="776">
		<subfield code="i">
			Print version:
		</subfield>
		<subfield code="a">
			Kāẓim, Midḥat ʻĀdil.
		</subfield>
		<subfield code="t">
			Dalīl al-maktabāt
		</subfield>
		<subfield code="w">
			(NNU)001467783
		</subfield>
	</datafield>
	<datafield ind1="4" ind2="0" tag="856">
		<subfield code="u">
			http://hdl.handle.net/2333.1/q573n8zw
		</subfield>
	</datafield>
	<datafield ind1="1" ind2=" " tag="880">
		<subfield code="6">
			100-01/
		</subfield>
		<subfield code="a">
			كاظم، مدحت.
		</subfield>
	</datafield>
	<datafield ind1="1" ind2="0" tag="880">
		<subfield code="6">
			245-02/
		</subfield>
		<subfield code="a">
			دليل المكتبات /
		</subfield>
		<subfield code="c">
			وضع مدحت كاظم.
		</subfield>
	</datafield>
	<datafield ind1=" " ind2=" " tag="880">
		<subfield code="6">
			250-03/
		</subfield>
		<subfield code="a">
			الطبعة ١.
		</subfield>
	</datafield>
	<datafield ind1=" " ind2=" " tag="880">
		<subfield code="6">
			260-04/
		</subfield>
		<subfield code="a">
			[Cairo] :
		</subfield>
		<subfield code="b">
			مكتبة الصباح الجديدة،
		</subfield>
		<subfield code="c">
			١٩٥٤.
		</subfield>
	</datafield>
	<datafield ind1=" " ind2=" " tag="959">
		<subfield code="a">
			NNU
		</subfield>
		<subfield code="b">
			WEB
		</subfield>
		<subfield code="c">
			GENI
		</subfield>
		<subfield code="t">
			0
		</subfield>
		<subfield code="m">
			Electronic access
		</subfield>
		<subfield code="s">
			01
		</subfield>
	</datafield>
	<datafield ind1=" " ind2=" " tag="999">
		<subfield code="i">
			NNU_001467783
		</subfield>
		<subfield code="s">
			nyu_aco001604
		</subfield>
		<subfield code="e">
			(ERROR-880)
		</subfield>
	</datafield>
</record>
